@OnLine{Vorwort,
	author = {Huberta Weigl},
	title = {Vorwort},
	url = {http://www.ahs-vwa.at/pluginfile.php/31/mod_data/content/1315/02-VWA-Vorwort.pdf},
	urldate = {2017-02-03},
}
@Book{Scherz,
	author = {Richard P. Feynman},
	title = {Sie belieben wohl zu scherzen, Mr. Feynman!},
	subtitle = {Abenteuer eines neugierigen Physikers},
	publisher = {Piper},
	edition = {16},
	date = {1996}
}
@book{overlord,
	author = {Peter Lieb},
	title = {Unternehmen Overlord},
	subtitle = {Die Invasion in der Normandie und die Befreiung Westeuropas},
	publisher = {C.\,H.\,Beck},
	year = {2014},
	edition = {2},
	location = {München}
}
@XData{xwikipedia,
	author = {{Wikipedia-Autoren}},
    shortauthor = {Wikipedia},
    booktitle = {Wikipedia},
    booksubtitle = {Die freie Enzyklopädie},
	publisher = {Wikimedia Foundation},
	location = {San Francisco},
	sortyear = {2001/open},
	entrysubtype = {online},
}
@InReference{wiki:LaTeX,
	xdata = {xwikipedia},
	title = {LaTeX},
	date = {2016-02-05},
	url = {https://de.wikipedia.org/w/index.php?title=LaTeX&oldid=151124871},
	urldate = {2016-03-04}
}
@InReference{wiki:lambda,
	xdata = {xwikipedia},
   	title = {Lambda-Kalkül},
   	date = {2015-09-18},
   	url = {https://de.wikipedia.org/w/index.php?title=Lambda-Kalk%C3%BCl&oldid=146182501},
   	urldate = {2016-03-15}
}
@InReference{wiki:cebit,
	xdata = {xwikipedia},
   	title = {CeBIT},
   	date = {2016-03-15},
	url = {https://de.wikipedia.org/w/index.php?title=CeBIT&oldid=152521537},
   	urldate = "2016-03-15",
}
@InReference{wiki:Lorem,
	xdata = {xwikipedia},
	title = {Lorem ipsum},
	date = {2017-02-22},
	url = {https://de.wikipedia.org/w/index.php?title=Lorem_ipsum&oldid=162901153},
	urldate = {2017-02-23},
}
@InReference{wiki:Lorem2,
	xdata = {xwikipedia},
	title = {Lorem ipsum},
	date = {2017-02-07},
	url = {https://de.wikipedia.org/w/index.php?title=Lorem_ipsum&oldid=162422244},
	urldate = {2017-03-16},
}
@InReference{wiki:Blindtext,
	xdata = {xwikipedia},
	title = {Blindtext},
	date = {2017-01-04},
	url = {https://de.wikipedia.org/w/index.php?title=Blindtext&oldid=161263650},
	urldate = {2017-04-03},
}
@XDATA{xtypolexikon,
	author = {Wolfgang Beinert},
	editor = {Wolfgang Beinert},
	booktitle = {Typolexicon.de},
	booksubtitle = {Lexikon der europäischen Typographie},
	OPTpublisher = {Wolfgang Beinert},
	location = {Berlin},
	entrysubtype = {online},
	sortyear = {1},
}
@InReference{Versalien,
	xdata = {xtypolexikon},
	title = {Versalien},
	url = {http://www.typolexikon.de/versalien/},
	urldate = {2017-03-06},
	date = {2016-01-28},
}
@Book{Newton,
	title = {Philosophi{\ae} Naturalis Principia Mathematica},
	author = {Isaac Newton},
	juliandate = {1686-07-05},
	year = {1686},
	annotation = {Julianischer Kalender!},
	location = {London},
	publisher = {Societatis Regi\ae}
}
@Book{companion,
	author = {Michel Goossens and Frank Mittelbach and Alexander Samarin},
	title = {The {LaTeX} Companion},
	publisher = {Addison-Wesley},
	location = {Reading, Mass.},
	year = {1994},
}
@Book{Abts,
  author = 	 	{Dietmar Abts},
  title = 	 	{Grundkurs JAVA},
  publisher = 	{Springer Vieweg},
  year =		{2013},
  edition = 	{7},
}
@online{gainsborough,
   options = {skipbib},
   editor = "{Wikimedia Commons}",
   title = "Conversation dans un parc",
   date = {2016-03-29},
   url = "https://commons.wikimedia.org/w/index.php?title=File:%22Conversation_dans_un_parc%22,_Thomas_Gainsborough,_vers_1746-1747._(23355415533)_(2).jpg&oldid=191597406",
   urldate = "2016-06-13",
   OPTnote = {File: {\ttfamily "Conversation dans un parc", Thomas Gainsborough, vers 1746-1747. (23355415533) (2).jpg}}
 }
 @article{Frischknecht,
	author = {Peter M. Frischknecht and Jindra Ulmer-Dufek and
	  Thomas W. Baumann},
	title = {Purine alkaloid formation in buds and developing
	  leaflets of Coffea arabica: Expression of an optimal defence
	  strategy?},
	journal = {Phytochemistry},
	volume = {25},
	number = {3},
	pages = {613--616},
	year = {1986},
	doi = {10.1016/0031-9422(86)88009-8},
}
@video{DNA6,
	entrysubtype = {online},
	title = {6-Letter {DNA}!},
	author = {Derek Muller},
	note = {Video aus der Reihe \mkbibemph{Sciencium}},
	date = {2017-03-01},
	url = {https://youtu.be/Xp9HEp4cYzM},
	urldate = {2017-03-08}, 
}
@misc{Zitieren,
	entrysubtype = {online},
	title = {Richtig Zitieren},
	date = {2015-06},
	urldate = {2017-03-09},
	url = {http://www.ahs-vwa.at/pluginfile.php/31/mod_data/content/263/02-VWA-Richtig-zitieren.pdf},
	publisher = {Bundesministerium für Bildung},
}
@book{Singh,
	author = {Simon Singh},
	title = {Fermats letzter Satz},
	subtitle = {Die abenteuerliche Geschichte eines mathematischen Rätsels},
	date = {1998},
	location = {München and Wien},
	publisher = {Carl Hanser Verlag},
	foreword = {John Lynch},
	isbn = {3-446-19313-8}, 
	pagetotal = {363},
	origtitle = {{F}ermat's Last Theorem},
	origdate = {1997},
	origlanguage = {english},
	origlocation = {London},
	origpublisher = {Fourth Estate},
	translator = {Klaus Fritz},
}
@Book{faust1,
	author = {Johann Wolfgang Goethe},
	title = {Faust},
	subtitle = {Der Tragödie Erster Teil},
	date = {2014},
	publisher = {Reclam XL},
	location = {Stuttgard},
	editor = {Wolf Dieter Hellberg},
}
@Article{Forstner2008,
  author = 	 {O. Forstner and L. Michlmayr and M. Auer and R. Golser and W. Kutschera and A. Priller and P. Steier and A. Wallner},
  title = 	 {Applications of a compact ionization chamber in {AMS} at energies below 1 {MeV}/amu},
  journal =  {Nuclear Instruments and Methods in Physics Research Section B: Beam Interactions with Materials and Atoms},
  year = 	 {2008},
  volume = 	 {266},
  number = 	 {10},
  pages = 	 {2213--2216},
}
@Book{elegantesUniversum,
  author = 	 	{Brian Greene},
  title = 	 	{Das elegante Universum},
  publisher = 	{Goldmann},
  year = 	 	{2000},
  address = 	{München},
  edition = 	{10. Auflage}
}
@Book{HorazEpI,
  author = {Horatius Flaccus, Quintus},
  shortauthor = {Horaz},
  title = {Epistularum},
  volume = {I},
  url = {https://la.wikisource.org/w/index.php?title=Epistulae_(Horatius)_-_Liber_I&oldid=56068},
  urldate = {2017-04-01},
  date = {2013-02-11},
}
@Book{Lessing,
  author = {Gotthold Ephraim Lessing},
  editor = {Michael Holzinger},
  title = {Gedichte},
  publisher = {CreateSpace Independent Publishing Platform},
  date = {2013-02-27},
  origdate = {1771},
  edition = {3},
  url = {http://static.zeno.org/ebooks/Lessing,_Gotthold_Ephraim_-_Gedichte_-_Zeno.org_ISBN_9783843047753.epub},
  urldate = {2017-04-02},
}
@Misc{Perte,
  entrysubtype = {interview},
  author = {Ex Perte},
  note = {persönliches Gespräch mit dem Verfasser, Transkipt in \vref{InterviewMitExPerte}},
  date = {2017-07-25},
}
@Book{Perte2,
  author = {Ex Perte},
  title = {Ein Buch eines Experten},
  publisher = {Eigen},
  date = {2017},
}
@OnLine{Webseite1,
  author = {Sarah Connor},
  title = {Eine Webseite},
  urldate = {2017-10-30},
  url = {http://www.www/},
}
@OnLine{Webseite2,
  author = {Sarah Connor},
  title = {Zweite Webseite},
  urldate = {2017-10-30},
  url = {http://www2.www/},
}